@incollection{value-at-risk-2009,
    AUTHOR    = {Christoffersen, Peter},
    YEAR      = {2009},
    TITLE     = {Value--at--Risk Models},
    BOOKTITLE = {Handbook of financial time series},
    PAGES     = {753--766},
    PUBLISHER = {Springer Berlin},
    EDITOR    = {Thomas Mikosch and Jens-Peter Kreiß and Richard A. Davis and Torben Gustav Andersen},
    ADDRESS   = {Heidelberg},
    EDITION   = {1}
}

@ARTICLE{christoffersen-FFCCopula, 
    AUTHOR    = {Christoffersen, Peter and Langlois, Hugues}, 
    YEAR      = {2013},
    TITLE     = {The Joint Dynamics of Equity Market Factors}, 
    VOLUME    = {48},
    JOURNAL   = {Journal of Financial and Quantitative Analysis},
    NUMBER    = {5},
    PAGES     = {1371--1404},
    PUBLISHER = {Cambridge University Press} 
}
    %DOI       = {10.1017/S0022109013000598}, 

@ARTICLE{engle-arch,
    AUTHOR    = {Robert F. Engle},
    YEAR      = {1982},
    TITLE     = {Autoregressive Conditional Heteroscedasticity with Estimates of the Variance of United Kingdom Inflation},
    VOLUME    = {50},
    JOURNAL   = {Econometrica},
    NUMBER    = {4},
    PAGES     = {987--1007},
    PUBLISHER = {[Wiley, Econometric Society]}
}
    %doi      = {10.2307/1912773}

@ARTICLE{bollerslev_garch,
    AUTHOR    = {Tim Bollerslev},
    YEAR      = {1986},
    TITLE     = {Generalized Autoregressive Conditional Heteroskedasticity},
    VOLUME    = {31},
    JOURNAL   = {Journal of Econometrics},
    NUMBER    = {3},
    PAGES     = {307--327}
}
    %doi      = {10.1016/0304-4076(86)90063-1},

@BOOK{riskmetrics,
    ADDRESS   = {New York, N.Y},
    BOOKTITLE = {{RiskMetrics Technical Document}},
    AUTHOR       = {{J.P. Morgan}},
    EDITION   = {4th ed.},
    LANGUAGE  = {eng},
    PUBLISHER = {Morgan Guaranty Trust Company},
    TITLE     = {{RiskMetrics Technical Document}},
    YEAR      = {1996},
    PAGES     = {99--102}
}

@ARTICLE{CPATests,
    AUTHOR    = {Giacomini, Raffaella and White, Halbert},
    YEAR      = {2006},
    TITLE     = {Tests of Conditional Predictive Ability},
    VOLUME    = {74},
    JOURNAL   = {Econometrica},
    NUMBER    = {6},
    PAGES     = {1545--1578},
    PUBLISHER = {Wiley Online Library}
}
    %doi      = {https://doi.org/10.1111/j.1468-0262.2006.00718.x}

@ARTICLE{CCTest,
    AUTHOR    = {Peter F. Christoffersen},
    YEAR      = {1998},
    TITLE     = {Evaluating Interval Forecasts},
    VOLUME    = {39},
    JOURNAL   = {International Economic Review},
    NUMBER    = {4},
    PAGES     = {841--862},
    PUBLISHER = {[Economics Department of the University of Pennsylvania, Wiley, Institute of Social and Economic Research, Osaka University]}
}
    %URL       = {http://www.jstor.org/stable/2527341},

@ARTICLE{Fortin2022,
    AUTHOR    = {Alain-Philippe Fortin and Jean-Guy Simonato and Georges Dionne},
    YEAR      = {2022},
    TITLE     = {Forecasting Expected Shortfall: Should We Use a Multivariate Model for Stock Market Factors?},
    MONTH     = {01},
    VOLUME    = {39},
    JOURNAL   = {International Journal of Forecasting},
    PAGES     = {}
}
    %doi = {https://doi.org/10.1016/j.ijforecast.2021.11.010},
    %url = {https://www.sciencedirect.com/science/article/pii/S0169207021001849},

@ARTICLE{Santos2013,
    AUTHOR    = {Santos, A. A. P. and Nogales, F. J. and Ruiz, E.},
    YEAR      = {2013},
    TITLE     = {Comparing Univariate and Multivariate Models to Forecast Portfolio Value-at-Risk},
    VOLUME    = {11},
    JOURNAL   = {Journal of Financial Econometrics},
    NUMBER    = {2},
    PAGES     = {400-441},
    PUBLISHER = {Oxford Publishing Limited (England)}
}

@ARTICLE{tick_loss,
    AUTHOR    = {Giacomini, Raffaella and Komunjer, Ivana},
    YEAR      = {2005},
    TITLE     = {Evaluation and Combination of Conditional Quantile Forecasts},
    VOLUME    = {23},
    JOURNAL   = {Journal of Business \& Economic Statistics},
    NUMBER    = {4},
    PAGES     = {416--431},
    PUBLISHER = {Taylor & Francis}
}

@ARTICLE{quantile_regression,
    AUTHOR    = {Yu, Keming and Lu, Zudi and Stander, Julian},
    YEAR      = {2003},
    TITLE     = {Quantile Regression: Applications and Current Research Areas},
    VOLUME    = {52},
    JOURNAL   = {Journal of the Royal Statistical Society: Series D (The Statistician)},
    NUMBER    = {3},
    PAGES     = {331--350}
}
    %DOI       = {https://doi.org/10.1111/1467-9884.00363}
@ARTICLE{Paolella2006,
    AUTHOR    = {Paolella, Marc S and Kuester, Keith and Mittnik, Stefan},
    YEAR      = {2006},
    TITLE     = {Value-at-Risk Prediction: A Comparison of Alternative Strategies},
    VOLUME    = {4},
    JOURNAL   = {Journal of Financial Econometrics},
    NUMBER    = {1},
    PAGES     = {53--89},
    PUBLISHER = {Oxford University Press}
}

@ARTICLE{Carhart1997,
    AUTHOR    = {Carhart, Mark M.},
    YEAR      = {1997},
    TITLE     = {On Persistence in Mutual Fund Performance},
    VOLUME    = {52},
    JOURNAL   = {The Journal of Finance},
    NUMBER    = {1},
    PAGES     = {57-82},
    PUBLISHER = {Blackwell Publishing Ltd}
}


@ARTICLE{DCC,
    AUTHOR    = {Engle, Robert},
    YEAR      = {2002},
    TITLE     = {Dynamic Conditional Correlation: A Simple Class of Multivariate Generalized Autoregressive Conditional Heteroskedasticity Models},
    VOLUME    = {20},
    JOURNAL   = {Journal of Business \& Economic Statistics},
    NUMBER    = {3},
    PAGES     = {339--350},
    PUBLISHER = {Taylor & Francis}
}


@ARTICLE{cDCC,
    AUTHOR    = {Aielli, Gian Piero},
    YEAR      = {2013},
    TITLE     = {Dynamic Conditional Correlation: On Properties and Estimation},
    VOLUME    = {31},
    JOURNAL   = {Journal of Business \& Economic Statistics},
    NUMBER    = {3},
    PAGES     = {282--299},
    PUBLISHER = {Taylor & Francis Group}
}

@ARTICLE{GJR,
    AUTHOR    = {Glosten, Lawrence R. and Jagannathan, Ravi and Runkle, David E.},
    YEAR      = {1993},
    TITLE     = {On the Relation Between the Expected Value and the Volatility of the Nominal Excess Return on Stocks},
    VOLUME    = {48},
    JOURNAL   = {The Journal of Finance},
    NUMBER    = {5},
    PAGES     = {1779--1801}
}
%doi = {https://doi.org/10.1111/j.1540-6261.1993.tb05128.x},

@ARTICLE{NGARCH,
    AUTHOR    = {Engle, Robert F and Ng, Victor K},
    YEAR      = {1993},
    TITLE     = {Measuring and Testing the Impact of News on Volatility},
    VOLUME    = {48},
    JOURNAL   = {The Journal of Finance},
    NUMBER    = {5},
    PAGES     = {1749--1778},
    PUBLISHER = {Wiley Online Library}
}

@ARTICLE{CCC,
    AUTHOR    = {Bollerslev, Tim},
    YEAR      = {1990},
    TITLE     = {Modelling the Coherence in Short-Run Nominal Exchange Rates: A Multivariate Generalized ARCH Model},
    VOLUME    = {72},
    JOURNAL   = {The Review of Economics and Statistics},
    NUMBER    = {3},
    PAGES     = {498--505},
    PUBLISHER = {Elsevier Science Publishers}
}

@ARTICLE{FamaFrench,
    AUTHOR    = {Fama, Eugene F. and French, Kenneth R.},
    YEAR      = {1993},
    TITLE     = {Common Risk Factors in the Returns on Stocks and Bonds},
    VOLUME    = {33},
    JOURNAL   = {Journal of Financial Economics},
    NUMBER    = {1},
    PAGES     = {3-56},
    PUBLISHER = {Elsevier B.V}
}

@ARTICLE{MN2004,
    AUTHOR={Haas, Markus and Mittnik, Stefan and Paolella, Marc S},
    YEAR={2004},
    TITLE = {Mixed Normal Conditional Heteroskedasticity},
    VOLUME={2},
    JOURNAL={Journal of Financial Econometrics},
    NUMBER={2},
    PAGES={211--250},
    PUBLISHER ={Oxford University Press}
}

@ARTICLE{levyGARCH,
    AUTHOR    = {Skander Slim and Yosra Koubaa and Ahmed BenSa{\"i}da},
    YEAR      = {2017},
    VOLUME    = {46},
    TITLE     = {Value-at-Risk under L{\'e}vy GARCH Models: Evidence from Global Stock Markets},
    JOURNAL   = {Journal of International Financial Markets, Institutions and Money},
    PAGES     = {30--53},
    PUBLISHER = {Elsevier}
   
}
%ISSN = {1042-4431},
%DOI = {https://doi.org/10.1016/j.intfin.2016.08.008},
%URL = {https://www.sciencedirect.com/science/article/pii/S1042443116300890},


@ARTICLE{VolatilityMeasures,
    AUTHOR = {Dennis Bams and Gildas Blanchard and Thorsten Lehnert},
    YEAR = {2017},
    TITLE = {Volatility Measures and Value-at-Risk},
    VOLUME = {33},
    JOURNAL = {International Journal of Forecasting},
    NUMBER = {4},
    PAGES = {848--863},  
    PUBLISHER = {Elsevier}
}
%issn = {0169-2070},
%doi = {https://doi.org/10.1016/j.ijforecast.2017.04.004},
%url = {https://www.sciencedirect.com/science/article/pii/S0169207017300511},

@article{skewt_Hansen,
     AUTHOR    = {Bruce E. Hansen},
     YEAR      = {1994},
     TITLE     = {Autoregressive Conditional Density Estimation},
     VOLUME    = {35},
     JOURNAL   = {International Economic Review},
     NUMBER    = {3},
     PAGES     = {705--730},
     PUBLISHER = {[Economics Department of the University of Pennsylvania, Wiley, Institute of Social and Economic Research, Osaka University]}
}
%ISSN = {00206598, 14682354},
%URL = {http://www.jstor.org/stable/2527081},

@ARTICLE{COMFORT_2022,
    AUTHOR    = {Paolella, Marc S and Polak, Pawel},
    YEAR      = {2022},
    TITLE     = {Density and Risk Prediction with Non-Gaussian COMFORT Models},
    JOURNAL   = {Swiss Finance Institute Research Paper},
    NUMBER    = {22-88}
}

@ARTICLE{COMFORT_2015,
    AUTHOR    = {Marc S. Paolella and Paweł Polak},
    YEAR      = {2015},
    TITLE     = {COMFORT: A Common Market Factor non-Gaussian Returns Model},
    VOLUME    = {187},
    JOURNAL   = {Journal of Econometrics},
    NUMBER    = {2},
    PAGES     = {593-605}
}
%issn = {0304-4076},
%doi = {https://doi.org/10.1016/j.jeconom.2015.02.041},
%url = {https://www.sciencedirect.com/science/article/pii/S0304407615000664},


@BOOK{Elements_of_FRM,
    AUTHOR    = {Christoffersen, Peter},
    YEAR      = {2011},
    TITLE     = {Elements of Financial Risk Management},
    PUBLISHER = {Academic press}
}

@INBOOK{Heinen_copula,
    AUTHOR    = {Heinen, Andréas and Valdesogo, Alfonso},
    YEAR      = {2012},
    TITLE     = {Copula-Based Volatility Models},
    BOOKTITLE = {Handbook of Volatility Models and Their Applications},
    CHAPTER   = {Twelve},
    PAGES     = {293-316},
    PUBLISHER = {John Wiley & Sons, Ltd}
}
%doi = {https://doi.org/10.1002/9781118272039.ch12},
%url = {https://onlinelibrary.wiley.com/doi/abs/10.1002/9781118272039.ch12},
%eprint = {https://onlinelibrary.wiley.com/doi/pdf/10.1002/9781118272039.ch12},


@ARTICLE{skewt_cop_R,
    AUTHOR  = {Yoshiba, Toshinao},
    YEAR    = {2014},
    TITLE   = {Maximum Likelihood Estimation of Skew-t Copula},
    JOURNAL = {Bank of Japan, The Institute of Statistical Mathematics}
}
@MANUAL{rugarch,
    TITLE   = {rugarch: Univariate GARCH Models},
    AUTHOR  = {Alexios Galanos},
    YEAR    = {2022a},
    NOTE    = {R package version 1.4-9.}
  }

@MANUAL{rmgarch,
    AUTHOR  = {Alexios Galanos},
    YEAR    = {2022b},
    TITLE   = {rmgarch: Multivariate GARCH models},
    NOTE    = {R package version 1.3-9.}
  }

@ARTICLE{MSGARCH,
    AUTHOR  = {Ardia, David and Bluteau, Keven and Boudt, Kris and Catania, Leopoldo and Trottier, Denis-Alexandre},
    YEAR    = {2019},
    TITLE   = {Markov-switching GARCH models in R: The MSGARCH package},
    VOLUME  = {91},
    JOURNAL = {Journal of Statistical Software},
    PAGES   = {1--38}
}

  @MANUAL{R_copula,
    AUTHOR = {Marius Hofert and Ivan Kojadinovic and Martin Maechler
      and Jun Yan},
    YEAR = {2023},
    TITLE = {copula: Multivariate Dependence with Copulas},
    NOTE = {R package version 1.1-2}
  }
  %url = {https://CRAN.R-project.org/package=copula},

@BOOK{Paolella_TS_book,
    AUTHOR    = {Paolella, Marc S},
    YEAR      = {2018},
    TITLE     = {Linear Models and Time-Series Analysis: Regression, ANOVA, ARMA and GARCH},
    PUBLISHER = {John Wiley \& Sons}
}

@BOOK{quant_risk_man,
    AUTHOR    = {McNeil, Alexander J and Frey, R{\"u}diger and Embrechts, Paul},
    YEAR      = {2015},
    TITLE     = {Quantitative Risk management: Concepts, Techniques and Tools -- Revised Edition},
    PUBLISHER = {Princeton University Press}
}

@ARTICLE{GIG,
    AUTHOR    = {Barndorff-Nielsen, OE and Blaesild, P and Seshadri, V},
    YEAR      = {1992},
    TITLE     = {Multivariate Distributions With Generalized Inverse Gaussian Marginals, and Associated Poisson Mixtures},
    VOLUME    = {20},
    JOURNAL   = {The Canadian Journal of Statistics},
    PAGES     = {109--120},
    PUBLISHER = {JSTOR}
}

@ARTICLE{score_EWMA,
    AUTHOR    = {Lucas, Andr{\'e} and Zhang, Xin},
    YEAR      = {2016},
    TITLE     = {Score-Driven Exponentially Weighted Moving Averages and Value-at-Risk Forecasting},
    VOLUME    = {32},
    JOURNAL   = {International Journal of Forecasting},
    NUMBER    = {2},
    PAGES     = {293--302},
    PUBLISHER = {Elsevier}
}

@ARTICLE{garch_glossary,
    AUTHOR    = {Bollerslev, Tim},
    YEAR      = {2008},
    TITLE     = {Glossary to ARCH (GARCH)},
    VOLUME    = {49},
    JOURNAL   = {CREATES Research paper}
 

}

@ARTICLE{MixN_Carol,
    AUTHOR={Alexander, Carol and Lazar, Emese},
    YEAR={2006},
    TITLE={Normal Mixture GARCH (1, 1): Applications to Exchange Rate Modelling},
    VOLUME={21},
    JOURNAL={Journal of Applied Econometrics},
    NUMBER={3},
    PAGES={307--336},
    PUBLISHER={Wiley Online Library}
}

@ARTICLE{kole_forecasting,
    AUTHOR    = {Kole, Erik and Markwat, Thijs and Opschoor, Anne and Van Dijk, Dick},
    YEAR      = {2017},
    TITLE     = {Forecasting Value-at-Risk Under Temporal and Portfolio Aggregation},
    VOLUME    = {15},
    JOURNAL   = {Journal of Financial Econometrics},
    NUMBER    = {4},
    PAGES     = {649--677},
    PUBLISHER = {Oxford University Press}
}

@ARTICLE{diks_density,
    AUTHOR    = {Cees Diks and Hao Fang},
    YEAR      = {2020},
    TITLE     = {Comparing Density Forecasts in a Risk Management Context},
    VOLUME    = {36},
    JOURNAL   = {International Journal of Forecasting},
    NUMBER    = {2},
    PAGES     = {531-551}
}
%issn = {0169-2070},
%doi = {https://doi.org/10.1016/j.ijforecast.2019.07.006},
%url = {https://www.sciencedirect.com/science/article/pii/S016920701930202X},

@ARTICLE{embrechts_2014,
    AUTHOR    = {Embrechts, Paul and Puccetti, Giovanni and R{\"u}schendorf, Ludger and Wang, Ruodu and Beleraj, Antonela},
    YEAR      = {2014},
    TITLE     = {An Academic Response to Basel 3.5},
    VOLUME    = {2},
    JOURNAL   = {Risks},
    NUMBER    = {1},
    PAGES     = {25--48},
    PUBLISHER = {MDPI}
}

@ARTICLE{t_copula,
    AUTHOR    = {Demarta, Stefano and McNeil, Alexander J.},
    YEAR      = {2005},
    TITLE     = {The t Copula and Related Copulas},
    VOLUME    = {73},
    JOURNAL   = {International Statistical Review},
    NUMBER    = {1},
    PAGES     = {111-129}
}
%doi = {https://doi.org/10.1111/j.1751-5823.2005.tb00254.x},
%url = {https://onlinelibrary.wiley.com/doi/abs/10.1111/j.1751-5823.2005.tb00254.x},
%eprint = {https://onlinelibrary.wiley.com/doi/pdf/10.1111/j.1751-5823.2005.tb00254.x},