@article{sklar1959,
  title={Fonctions de r{\'e}partition {\`a} n dimensions et leurs marges},
  author={Sklar, Abe},
  journal={Publications de l'Institut de Statistique de l'Universit{\'e} de Paris},
  volume={8},
  pages={229--231},
  year={1959}
}

@book{nelsen2006,
  title={An introduction to copulas},
  author={Nelsen, Roger B},
  volume={139},
  year={2006},
  publisher={Springer}
}

@book{joe1997,
  title={Multivariate models and dependence concepts},
  author={Joe, Harry},
  volume={73},
  year={1997},
  publisher={Chapman and Hall/CRC}
}

@book{durante2015,
  title={Principles of copula theory},
  author={Durante, Fabrizio and Sempi, Carlo},
  year={2015},
  publisher={CRC press}
}

@article{embrechts2002,
  title={Correlation and dependence in risk management: properties and pitfalls},
  author={Embrechts, Paul and McNeil, Alexander and Straumann, Daniel},
  journal={Risk management: value at risk and beyond},
  pages={176--223},
  year={2002},
  publisher={Cambridge University Press}
}

@book{mcneil2015quantitative,
  title={Quantitative risk management: concepts, techniques and tools},
  author={McNeil, Alexander J and Frey, R{\"u}diger and Embrechts, Paul},
  year={2015},
  publisher={Princeton university press}
}

@article{clayton1978,
  title={A model for association in bivariate life tables and its application in epidemiological studies of familial tendency in chronic disease incidence},
  author={Clayton, David G},
  journal={Biometrika},
  volume={65},
  number={1},
  pages={141--151},
  year={1978},
  publisher={Oxford University Press}
}

@article{gumbel1960,
  title={Bivariate exponential distributions},
  author={Gumbel, Emil J},
  journal={Journal of the American Statistical Association},
  volume={55},
  number={292},
  pages={698--707},
  year={1960},
  publisher={Taylor \& Francis}
}

@article{frank1979,
  title={On the simultaneous associativity of F(x,y) and x+y-F(x,y)},
  author={Frank, Maurice J},
  journal={Aequationes mathematicae},
  volume={19},
  number={1},
  pages={194--226},
  year={1979},
  publisher={Springer}
}

@article{genest1993,
  title={Statistical inference procedures for bivariate Archimedean copulas},
  author={Genest, Christian and Rivest, Louis-Paul},
  journal={Journal of the American Statistical Association},
  volume={88},
  number={423},
  pages={1034--1043},
  year={1993},
  publisher={Taylor \& Francis}
}

@article{joe1996,
  title={Families of m-variate distributions with given margins and m(m-1)/2 bivariate dependence parameters},
  author={Joe, Harry},
  journal={Lecture notes-monograph series},
  pages={120--141},
  year={1996},
  publisher={JSTOR}
}

@article{bedford2002,
  title={Vines--a new graphical model for dependent random variables},
  author={Bedford, Tim and Cooke, Roger M},
  journal={The Annals of Statistics},
  volume={30},
  number={4},
  pages={1031--1068},
  year={2002},
  publisher={Institute of Mathematical Statistics}
}

@article{aas2009,
  title={Pair-copula constructions of multiple dependence},
  author={Aas, Kjersti and Czado, Claudia and Frigessi, Arnoldo and Bakken, Henrik},
  journal={Insurance: Mathematics and Economics},
  volume={44},
  number={2},
  pages={182--198},
  year={2009},
  publisher={Elsevier}
}

@article{genest1995,
  title={Goodness-of-fit tests for copulas: a review and a power study},
  author={Genest, Christian and R{\'e}millard, Bruno and Beaudoin, David},
  journal={Insurance: Mathematics and Economics},
  volume={44},
  number={2},
  pages={199--213},
  year={2009},
  publisher={Elsevier}
}

@article{deheuvels1979,
  title={La fonction de d{\'e}pendance empirique et ses propri{\'e}t{\'e}s: un test non param{\'e}trique d'ind{\'e}pendance},
  author={Deheuvels, Paul},
  journal={Acad{\'e}mie Royale de Belgique Bulletin de la Classe des Sciences},
  volume={65},
  number={6},
  pages={274--292},
  year={1979}
}

@article{fermanian2005,
  title={Goodness-of-fit tests for copulas},
  author={Fermanian, Jean-David},
  journal={Journal of Multivariate Analysis},
  volume={95},
  number={1},
  pages={119--152},
  year={2005},
  publisher={Elsevier}
}

@article{cherubini2004,
  title={Copula methods in finance},
  author={Cherubini, Umberto and Luciano, Elisa and Vecchiato, Walter},
  year={2004},
  publisher={John Wiley \& Sons}
}

@article{patton2006,
  title={Modelling asymmetric exchange rate dependence},
  author={Patton, Andrew J},
  journal={International economic review},
  volume={47},
  number={2},
  pages={527--556},
  year={2006},
  publisher={Wiley Online Library}
}

@article{genest2007,
  title={Validity of the parametric bootstrap for goodness-of-fit testing in semiparametric models},
  author={Genest, Christian and R{\'e}millard, Bruno},
  journal={Annales de l'Institut Henri Poincar{\'e} Probabilit{\'e}s et Statistiques},
  volume={44},
  number={6},
  pages={1096--1127},
  year={2008},
  publisher={Institut Henri Poincar{\'e}}
}

@article{kojadinovic2010,
  title={Modeling multivariate distributions with continuous margins using the copula R package},
  author={Kojadinovic, Ivan and Yan, Jun},
  journal={Journal of Statistical Software},
  volume={34},
  number={9},
  pages={1--20},
  year={2010}
}

@article{dissmann2013,
  title={Selecting and estimating regular vine copulae and application to financial returns},
  author={Dissmann, Jeffrey and Brechmann, Eike Christian and Czado, Claudia and Kurowicka, Dorota},
  journal={Computational Statistics \& Data Analysis},
  volume={59},
  pages={52--69},
  year={2013},
  publisher={Elsevier}
}

@article{hofert2018,
  title={Elements of copula modeling with R},
  author={Hofert, Marius and Kojadinovic, Ivan and Maechler, Martin and Yan, Jun},
  journal={Springer Use R! Series},
  year={2018},
  publisher={Springer}
}

@article{li2000,
  title={On default correlation: a copula function approach},
  author={Li, David X},
  journal={The Journal of Fixed Income},
  volume={9},
  number={4},
  pages={43--54},
  year={2000},
  publisher={Institutional Investor Journals Umbrella}
}

@article{hull2004,
  title={Valuation of credit default swaps and swaptions subject to counterparty risk},
  author={Hull, John and White, Alan},
  journal={Journal of Derivatives},
  volume={8},
  number={3},
  pages={29--40},
  year={2001}
}

@article{rodriguez2007,
  title={Measuring financial contagion: a copula approach},
  author={Rodriguez, Juan Carlos},
  journal={Journal of Empirical Finance},
  vol6={14},
  number={3},
  pages={401--423},
  year={2007},
  publisher={Elsevier}
}

@book{salvadori2007,
  title={Extremes and related properties of random sequences and processes},
  author={Salvadori, Gianfausto and De Michele, Carlo and Kottegoda, Nadarajah T and Rosso, Renzo},
  year={2007},
  publisher={Springer Science \& Business Media}
}

@article{genest2009,
  title={Goodness-of-fit procedures for copula models based on the probability integral transformation},
  author={Genest, Christian and R{\'e}millard, Bruno and Beaudoin, David},
  journal={Scandinavian Journal of Statistics},
  volume={36},
  number={3},
  pages={337--364},
  year={2009},
  publisher={Wiley Online Library}
}