@book{oksendal2003,
  title={Stochastic Differential Equations: An Introduction with Applications},
  author={{\O}ksendal, Bernt},
  edition={6th},
  year={2003},
  publisher={Springer},
  series={Universitext},
  isbn={978-3-540-04758-2}
}

@book{karatzas1991,
  title={Brownian Motion and Stochastic Calculus},
  author={Karatzas, Ioannis and Shreve, Steven E.},
  edition={2nd},
  year={1991},
  publisher={Springer},
  series={Graduate Texts in Mathematics},
  volume={113},
  isbn={978-1-4612-0949-2}
}

@article{ito1951,
  title={On stochastic differential equations},
  author={It{\^o}, Kiyoshi},
  journal={Memoirs of the American Mathematical Society},
  volume={4},
  pages={1--51},
  year={1951},
  publisher={American Mathematical Society}
}

@book{mckean1969,
  title={Stochastic Integrals},
  author={McKean, Henry P.},
  year={1969},
  publisher={Academic Press},
  address={New York}
}

@article{bachelier1900,
  title={Th{\'e}orie de la sp{\'e}culation},
  author={Bachelier, Louis},
  journal={Annales scientifiques de l'{\'E}cole Normale Sup{\'e}rieure},
  volume={17},
  pages={21--86},
  year={1900},
  publisher={Elsevier}
}

@article{wiener1923,
  title={Differential-space},
  author={Wiener, Norbert},
  journal={Journal of Mathematics and Physics},
  volume={2},
  number={1-4},
  pages={131--174},
  year={1923},
  publisher={Wiley Online Library}
}

@article{black1973,
  title={The pricing of options and corporate liabilities},
  author={Black, Fischer and Scholes, Myron},
  journal={Journal of Political Economy},
  volume={81},
  number={3},
  pages={637--654},
  year={1973},
  publisher={University of Chicago Press}
}

@article{heston1993,
  title={A closed-form solution for options with stochastic volatility with applications to bond and currency options},
  author={Heston, Steven L.},
  journal={The Review of Financial Studies},
  volume={6},
  number={2},
  pages={327--343},
  year={1993},
  publisher={Oxford University Press}
}

@article{cox1985,
  title={A theory of the term structure of interest rates},
  author={Cox, John C. and Ingersoll Jr, Jonathan E. and Ross, Stephen A.},
  journal={Econometrica: Journal of the Econometric Society},
  volume={53},
  number={2},
  pages={385--407},
  year={1985},
  publisher={JSTOR}
}

@article{vasicek1977,
  title={An equilibrium characterization of the term structure},
  author={Vasicek, Oldrich},
  journal={Journal of Financial Economics},
  volume={5},
  number={2},
  pages={177--188},
  year={1977},
  publisher={Elsevier}
}

@article{chen2018,
  title={Neural ordinary differential equations},
  author={Chen, Ricky T. Q. and Rubanova, Yulia and Bettencourt, Jesse and Duvenaud, David},
  journal={Advances in Neural Information Processing Systems},
  volume={31},
  pages={6571--6583},
  year={2018},
  publisher={MIT Press}
}

@article{song2021,
  title={Score-based generative modeling through stochastic differential equations},
  author={Song, Yang and Sohl-Dickstein, Jascha and Kingma, Diederik P. and Kumar, Abhishek and Ermon, Stefano and Poole, Ben},
  journal={International Conference on Learning Representations},
  year={2021}
}

@article{ho2020,
  title={Denoising diffusion probabilistic models},
  author={Ho, Jonathan and Jain, Ajay and Abbeel, Pieter},
  journal={Advances in Neural Information Processing Systems},
  volume={33},
  pages={6840--6851},
  year={2020},
  publisher={MIT Press}
}

@article{sohl2015,
  title={Deep unsupervised learning using nonequilibrium thermodynamics},
  author={Sohl-Dickstein, Jascha and Weiss, Eric and Maheswaranathan, Niru and Ganguli, Surya},
  journal={International Conference on Machine Learning},
  pages={2256--2265},
  year={2015},
  publisher={PMLR}
}

@book{gardiner2009,
  title={Stochastic Methods: A Handbook for the Natural and Social Sciences},
  author={Gardiner, Crispin W.},
  edition={4th},
  year={2009},
  publisher={Springer},
  series={Springer Series in Synergetics},
  isbn={978-3-540-70712-7}
}

@book{glasserman2003,
  title={Monte Carlo Methods in Financial Engineering},
  author={Glasserman, Paul},
  year={2003},
  publisher={Springer},
  series={Applications of Mathematics},
  volume={53},
  isbn={978-0-387-00451-8}
}

@article{kloeden1992,
  title={Numerical Solution of Stochastic Differential Equations},
  author={Kloeden, Peter E. and Platen, Eckhard},
  journal={Applications of Mathematics},
  volume={23},
  year={1992},
  publisher={Springer},
  isbn={978-3-540-54062-5}
}

@article{milstein1975,
  title={Approximate integration of stochastic differential equations},
  author={Milstein, Grigori N.},
  journal={Theory of Probability \& Its Applications},
  volume={19},
  number={3},
  pages={557--562},
  year={1975},
  publisher={SIAM}
}

@book{shreve2004,
  title={Stochastic Calculus for Finance II: Continuous-Time Models},
  author={Shreve, Steven E.},
  year={2004},
  publisher={Springer},
  series={Springer Finance},
  isbn={978-0-387-40101-0}
}

@article{garnett2002,
  title={A universal approximator for functions on Gaussian spaces},
  author={Garnett, Roman and Osborne, Michael A. and Roberts, Stephen J.},
  journal={Advances in Neural Information Processing Systems},
  volume={15},
  year={2002}
}

@article{kidger2021,
  title={Neural controlled differential equations for irregular time series},
  author={Kidger, Patrick and Morrill, James and Foster, James and Lyons, Terry},
  journal={Advances in Neural Information Processing Systems},
  volume={33},
  pages={6696--6707},
  year={2021}
}

@article{li2020,
  title={Scalable gradients for stochastic differential equations},
  author={Li, Xuechen and Wong, Ting-Kam Leonard and Chen, Ricky T. Q. and Duvenaud, David},
  journal={International Conference on Artificial Intelligence and Statistics},
  pages={3870--3882},
  year={2020},
  publisher={PMLR}
}

@article{liu2019,
  title={Neural stochastic differential equations: Deep latent gaussian models in the diffusion limit},
  author={Liu, Belinda and Geris, Liesbet and Laukens, Kris and De Vylder, Jonas},
  journal={arXiv preprint arXiv:1905.09883},
  year={2019}
}

@article{tzen2019,
  title={Neural stochastic differential equations: Deep latent gaussian models in the diffusion limit},
  author={Tzen, Belinda and Raginsky, Maxim},
  journal={arXiv preprint arXiv:1905.09883},
  year={2019}
}

@book{rasmussen2006,
  title={Gaussian Processes for Machine Learning},
  author={Rasmussen, Carl Edward and Williams, Christopher K. I.},
  year={2006},
  publisher={MIT Press},
  isbn={978-0-262-18253-9}
}

@article{sarkka2013,
  title={Spatiotemporal learning via infinite-dimensional Bayesian filtering and smoothing: A look at Gaussian process regression through Kalman filtering},
  author={S{\"a}rkk{\"a}, Simo and Solin, Arno and Hartikainen, Jouni},
  journal={IEEE Signal Processing Magazine},
  volume={30},
  number={4},
  pages={51--61},
  year={2013},
  publisher={IEEE}
}

@article{garnelo2018,
  title={Neural processes},
  author={Garnelo, Marta and Rosenbaum, Dan and Maddison, Chris and Ramalho, Tiago and Saxton, David and Shanahan, Murray and Teh, Yee Whye and Rezende, Danilo and Eslami, S. M. Ali},
  journal={International Conference on Machine Learning},
  pages={1704--1713},
  year={2018},
  publisher={PMLR}
}

@article{kim2019,
  title={Attentive neural processes},
  author={Kim, Hyunjik and Mnih, Andriy and Schwarz, Jonathan and Garnelo, Marta and Eslami, Ali and Rosenbaum, Dan and Vinyals, Oriol and Teh, Yee Whye},
  journal={International Conference on Learning Representations},
  year={2019}
}

@book{lamberton2008,
  title={Introduction to Stochastic Calculus Applied to Finance},
  author={Lamberton, Damien and Lapeyre, Bernard},
  edition={2nd},
  year={2008},
  publisher={Chapman and Hall/CRC},
  isbn={978-1-58488-626-7}
}

@book{mikosch1998,
  title={Elementary Stochastic Calculus with Finance in View},
  author={Mikosch, Thomas},
  year={1998},
  publisher={World Scientific},
  series={Advanced Series on Statistical Science \& Applied Probability},
  volume={6},
  isbn={978-981-02-3543-7}
}

@article{dhariwal2021,
  title={Diffusion models beat GANs on image synthesis},
  author={Dhariwal, Prafulla and Nichol, Alexander},
  journal={Advances in Neural Information Processing Systems},
  volume={34},
  pages={8780--8794},
  year={2021}
}

@article{rombach2022,
  title={High-resolution image synthesis with latent diffusion models},
  author={Rombach, Robin and Blattmann, Andreas and Lorenz, Dominik and Esser, Patrick and Ommer, Bj{\"o}rn},
  journal={Proceedings of the IEEE/CVF Conference on Computer Vision and Pattern Recognition},
  pages={10684--10695},
  year={2022}
}

@article{ramesh2022,
  title={Hierarchical text-conditional image generation with CLIP latents},
  author={Ramesh, Aditya and Dhariwal, Prafulla and Nichol, Alex and Chu, Casey and Chen, Mark},
  journal={arXiv preprint arXiv:2204.06125},
  year={2022}
}

@article{saharia2022,
  title={Photorealistic text-to-image diffusion models with deep language understanding},
  author={Saharia, Chitwan and Chan, William and Saxena, Saurabh and Li, Lala and Whang, Jay and Denton, Emily L and Ghasemipour, Kamyar and Gontijo Lopes, Raphael and Karagol Ayan, Burcu and Salimans, Tim and others},
  journal={Advances in Neural Information Processing Systems},
  volume={35},
  pages={36479--36494},
  year={2022}
}

@book{jeanblanc2009,
  title={Mathematical Methods for Financial Markets},
  author={Jeanblanc, Monique and Yor, Marc and Chesney, Marc},
  year={2009},
  publisher={Springer},
  series={Springer Finance},
  isbn={978-1-85233-376-8}
}

@book{revuz1999,
  title={Continuous Martingales and Brownian Motion},
  author={Revuz, Daniel and Yor, Marc},
  edition={3rd},
  year={1999},
  publisher={Springer},
  series={Grundlehren der mathematischen Wissenschaften},
  volume={293},
  isbn={978-3-540-64325-5}
}